<?xml version="1.0" encoding="UTF-8"?><collection xmlns="http://www.loc.gov/MARC21/slim"><record><leader>00355nam--2200133-i-4500</leader><controlfield tag="001">000042396</controlfield><controlfield tag="002">20161230</controlfield><controlfield tag="005">20170129224727</controlfield><controlfield tag="008">060222s1000------------r-----000-0-eng-d</controlfield><datafield ind1=" " ind2=" " tag="080"><subfield code="a">629.19(485)</subfield></datafield><datafield ind1=" " ind2=" " tag="245"><subfield code="a">Space research in Sweden: 1977</subfield></datafield><datafield ind1=" " ind2=" " tag="260"><subfield code="a">Stockholm</subfield><subfield code="b">Swedish Board For Space Activities</subfield><subfield code="c">1984-85</subfield></datafield><datafield ind1=" " ind2=" " tag="852"><subfield code="a">72518</subfield></datafield><datafield ind1=" " ind2=" " tag="CAT"><subfield code="a">SYS</subfield><subfield code="c">20170129</subfield><subfield code="h">224727</subfield></datafield></record></collection>